<?xml version="1.0" encoding="UTF-8" standalone="yes"?><bibs total_record_count="1"><bib><mms_id>997079528303340</mms_id><record_format>marc21</record_format><linked_record_id type="NZ">99147094751203331</linked_record_id><title>Artenschutzecht EuGH 8.9.2022, C-659/20 (ET/Ministerstvo životního prostředí) Ausdruck „in Gefangenschaft gezüchtet“</title><author>Burgstaller, Lydia</author><network_numbers><network_number>(DE-599)OBVAC16712579</network_number><network_number>(VLID)8260359</network_number><network_number>(AT-OBV)AC16712579</network_number><network_number>(EXLNZ-43ACC_NETWORK)99147094751203331</network_number></network_numbers><place_of_publication>Linz</place_of_publication><date_of_publication>2022</date_of_publication><publisher_const>Johannes Kepler Universität Linz</publisher_const><holdings link="https://api-eu.hosted.exlibrisgroup.com/almaws/v1/bibs/997079528303340/holdings"/><created_by>System</created_by><created_date>2022-12-13Z</created_date><last_modified_by>exl_api</last_modified_by><last_modified_date>2022-12-13Z</last_modified_date><suppress_from_publishing>false</suppress_from_publishing><suppress_from_external_search>false</suppress_from_external_search><suppress_from_metadoor>false</suppress_from_metadoor><rank>73</rank><sync_with_oclc>NONE</sync_with_oclc><sync_with_libraries_australia>NONE</sync_with_libraries_australia><originating_system>OTHER</originating_system><originating_system_id>99147094751203331</originating_system_id><cataloging_level desc="1 KatalogisiererIn">20</cataloging_level><brief_level desc="01">01</brief_level><record><leader>02366na a22200397cc44500</leader><controlfield tag="001">997079528303340</controlfield><controlfield tag="005">20221213130143.0</controlfield><controlfield tag="007">cr#|||||||||||</controlfield><controlfield tag="008">221213s2022    ||||||||o|||||||||||||||c</controlfield><controlfield tag="009">AC16712579</controlfield><datafield ind1="7" ind2=" " tag="024"><subfield code="a">urn:nbn:at:at-ubl:4-746</subfield><subfield code="2">urn</subfield></datafield><datafield ind1="7" ind2=" " tag="024"><subfield code="a">10.35011/tirup/2022-7</subfield><subfield code="2">doi</subfield></datafield><datafield ind1=" " ind2=" " tag="035"><subfield code="a">(AT-OBV)AC16712579</subfield></datafield><datafield ind1=" " ind2=" " tag="035"><subfield code="a">(VLID)8260359</subfield></datafield><datafield ind1=" " ind2=" " tag="035"><subfield code="a">(DE-599)OBVAC16712579</subfield></datafield><datafield ind1=" " ind2=" " tag="035"><subfield code="a">(EXLNZ-43ACC_NETWORK)99147094751203331</subfield></datafield><datafield ind1=" " ind2=" " tag="040"><subfield code="a">AT-UBL</subfield><subfield code="b">ger</subfield><subfield code="d">AT-UBL</subfield><subfield code="e">rda</subfield></datafield><datafield ind1=" " ind2=" " tag="044"><subfield code="c">XA-AT</subfield></datafield><datafield ind1="1" ind2=" " tag="100"><subfield code="a">Burgstaller, Lydia</subfield><subfield code="4">aut</subfield></datafield><datafield ind1="1" ind2="0" tag="245"><subfield code="a">Artenschutzecht EuGH 8.9.2022, C-659/20 (ET/Ministerstvo životního prostředí)</subfield><subfield code="b">Ausdruck „in Gefangenschaft gezüchtet“</subfield></datafield><datafield ind1=" " ind2=" " tag="251"><subfield code="a">vor</subfield><subfield code="2">coar</subfield></datafield><datafield ind1=" " ind2="1" tag="264"><subfield code="a">Linz</subfield><subfield code="b">Johannes Kepler Universität Linz</subfield><subfield code="c">2022</subfield></datafield><datafield ind1=" " ind2=" " tag="300"><subfield code="a">1 Online-Ressource (19 Seiten)</subfield></datafield><datafield ind1=" " ind2=" " tag="336"><subfield code="b">txt</subfield></datafield><datafield ind1=" " ind2=" " tag="337"><subfield code="b">c</subfield></datafield><datafield ind1=" " ind2=" " tag="338"><subfield code="b">cr</subfield></datafield><datafield ind1=" " ind2=" " tag="347"><subfield code="a">Textdatei</subfield><subfield code="b">PDF</subfield></datafield><datafield ind1=" " ind2=" " tag="500"><subfield code="a">Norm(en): Washingtoner Artenschutzabkommen (CITES), Art 8 Abs 3 lit dVO (EG) 338/97; VO (EG) 865/2006</subfield></datafield><datafield ind1="0" ind2=" " tag="506"><subfield code="f">Unrestricted online access</subfield><subfield code="2">star</subfield></datafield><datafield ind1=" " ind2=" " tag="520"><subfield code="a">ger: Sachverhalt: 1 Das VorabE-Ersuchen betrifft die Auslegung von Art 1 Nr 3 und Art 54 Nr 2 der VO (EG) 865/2006 der Kommission v 4.5.2006 mit Durchführungsvorschriften zur VO (EG) 338/97 des Rates über den Schutz von Exemplaren wildlebender Tier- und Pflanzenarten durch Überwachung des Handels (ABl L 2006/166, 1). 2 Es ergeht im Rahmen eines Kassationsverfahrens zwischen ET und dem Ministerstvo životního prostředí (Umweltministerium, Tschechische Republik) wegen der Gewährung einer Ausnahme vom Handelsverbot für fünf Exemplare der Papageienart Hyazinth-Ara (Anodorhynchus hyacinthinus)...</subfield></datafield><datafield ind1=" " ind2=" " tag="540"><subfield code="f">CC BY 4.0</subfield><subfield code="2">cc</subfield><subfield code="u">http://creativecommons.org/licenses/by/4.0/deed.de</subfield></datafield><datafield ind1=" " ind2=" " tag="540"><subfield code="f">CC BY 4.0</subfield><subfield code="u">https://creativecommons.org/licenses/by/4.0/deed.de</subfield><subfield code="2">cc</subfield></datafield><datafield ind1="0" ind2="8" tag="773"><subfield code="i">Enthalten in</subfield><subfield code="t">TiRuP</subfield><subfield code="w">(AT-OBV)AC16137206</subfield><subfield code="g">Jg. 2022 (2022), H. 6, Seite R1-R19</subfield></datafield><datafield ind1="4" ind2="0" tag="856"><subfield code="m">V:AT-OBV;B:AT-UBL</subfield><subfield code="o">OBV-EDOC-VL</subfield><subfield code="q">text/html</subfield><subfield code="u">https://resolver.obvsg.at/urn:nbn:at:at-ubl:4-746</subfield><subfield code="x">UBL</subfield><subfield code="z">kostenfrei</subfield><subfield code="3">Volltext</subfield></datafield><datafield ind1="2" ind2=" " tag="970"><subfield code="d">OA-ARTICLE</subfield></datafield><datafield ind1="9" ind2=" " tag="970"><subfield code="m">V:AT-OBV;B:AT-UBL</subfield><subfield code="q">application/pdf</subfield><subfield code="u">http://media.obvsg.at/AC16712579-2001</subfield><subfield code="x">UBL</subfield><subfield code="z">kostenfrei</subfield><subfield code="3">Volltext</subfield></datafield><datafield ind1="8" ind2=" " tag="971"><subfield code="a">Artenschutz / Exotenhandel / Hyazinth-Ara / „in Gefangenschaftgezüchtet“ / Zuchtstock / Zucht</subfield></datafield></record></bib></bibs>